@inproceedings{McMillian1993,
  title={Symbolic model checking},
  author={Kenneth L. McMillan},
  booktitle={International Conference on Computer Aided Verification},
  year={1993}
}
@book{textbook,
    author = {Ramakrishnan, Raghu and Gehrke, Johannes},
    title = {Database Management Systems},
    year = {2002},
    isbn = {0072465638},
    publisher = {McGraw-Hill, Inc.},
    address = {USA},
    edition = {3},
    }

@article{kerberos,
author = {Panti, M. and Spalazzi, Luca and Tacconi, S.},
year = {2001},
month = {12},
pages = {},
title = {Using the NuSMV Model Checker to verify the Kerberos Protocol}
}
@inproceedings{temporal,
  title={What Good is Temporal Logic?},
  author={Leslie Lamport},
  booktitle={IFIP Congress},
  year={1983}
}
